<?xml version="1.0" encoding="UTF-8"?>
<record xmlns="http://www.loc.gov/MARC21/slim" xmlns:xsi="http://www.w3.org/2001/XMLSchema-instance" xsi:schemaLocation="http://www.loc.gov/MARC21/slim http://www.loc.gov/standards/marcxml/schema/MARC21slim.xsd">
<leader>     nam a2200217   4500</leader>
<controlfield tag="001">001700956</controlfield>
<controlfield tag="003">NNU</controlfield>
<controlfield tag="005">20010214211957.0</controlfield>
<controlfield tag="008">891012s1954    ae            00  0 ara</controlfield>
<datafield tag="035" ind1="9" ind2=" ">
<subfield code="a">NYUb12249546</subfield>
</datafield>
<datafield tag="035" ind1=" " ind2=" ">
<subfield code="a">(CStRLIN)DCGGB15206762-B</subfield>
</datafield>
<datafield tag="245" ind1="0" ind2="0">
<subfield code="a">Qiṣṣat Jūd'har al-ṣayyād wa-al-kharaj al-marṣūd :</subfield>
<subfield code="b">qiṣṣat muqtabasah min Alf laylah wa-laylah /</subfield>
<subfield code="c">iʻtiná bi-nashrihā wa-taḥaṣṣuṣihā Hinrī Pirīs.</subfield>
</datafield>
<datafield tag="250" ind1=" " ind2=" ">
<subfield code="a">al-Ṭabʻah 5.</subfield>
</datafield>
<datafield tag="260" ind1=" " ind2=" ">
<subfield code="a">al-Jazāʼir :</subfield>
<subfield code="b">J. Kūrbūnil,</subfield>
<subfield code="c">1954.</subfield>
</datafield>
<datafield tag="300" ind1=" " ind2=" ">
<subfield code="a">64, 46 p. ;</subfield>
<subfield code="c">19 cm.</subfield>
</datafield>
<datafield tag="500" ind1=" " ind2=" ">
<subfield code="a">"Glossaire": p. 5-46 (2d group)</subfield>
</datafield>
<datafield tag="500" ind1=" " ind2=" ">
<subfield code="a">Added t.p.: Histoire de Djoûdhar le pecheur et du sac enchanté : conte extrait de Milles [sic] et une nuits : texte établi d'après quatre éditions accompagné de variantes et suivi d'un glossaire.</subfield>
</datafield>
<datafield tag="700" ind1="1" ind2=" ">
<subfield code="a">Pérès, Henri.</subfield>
</datafield>
<datafield tag="740" ind1="0" ind2=" ">
<subfield code="a">Histoire de Djoûdhar le pecheur et du sac enchanté.</subfield>
</datafield>
<datafield tag="OWN" ind1=" " ind2=" ">
<subfield code="a">GENERAL</subfield>
</datafield>
<datafield tag="950" ind1=" " ind2=" ">
<subfield code="l">BMAIN</subfield>
<subfield code="a">PJ7712.J8</subfield>
<subfield code="b">P4 1954</subfield>
</datafield>
<datafield tag="955" ind1=" " ind2=" ">
<subfield code="l">BMAIN</subfield>
<subfield code="c">1</subfield>
<subfield code="r">021914109</subfield>
</datafield>
<datafield tag="998" ind1=" " ind2=" ">
<subfield code="s">9115</subfield>
</datafield>
<datafield tag="AVA" ind1=" " ind2=" ">
<subfield code="a">NYU50</subfield>
<subfield code="b">BOBST</subfield>
<subfield code="c">Main Collection</subfield>
<subfield code="d">PJ7712.J8 P4 1954</subfield>
<subfield code="e">unavailable</subfield>
<subfield code="t">Unavailable</subfield>
<subfield code="f">1</subfield>
<subfield code="g">1</subfield>
<subfield code="h">N</subfield>
<subfield code="i">0</subfield>
<subfield code="j">MAIN</subfield>
</datafield>
</record>
